@article{Zhang2018-fi,
    title    = {Functional connectivity predicts gender: Evidence for gender
                differences in resting brain connectivity},
    author   = {Zhang, Chao and Dougherty, Chase C and Baum, Stefi A and White,
                Tonya and Michael, Andrew M},
    journal  = {Hum. Brain Mapp.},
    volume   = 39,
    number   = 4,
    pages    = {1765--1776},
    year     = 2018,
    language = {en}
}

@article{Goldstein1976-aj,
    title   = {Applied multiple regression/correlation analysis for the
               behavioural sciences},
    author  = {Goldstein, Harvey and Cohen, Jacob and Cohen, Patricia},
    journal = {J. R. Stat. Soc. Ser. A},
    volume  = 139,
    number  = 4,
    pages   = {549},
    year    = 1976
}

@article{Weis2020-cc,
    title    = {Sex classification by resting state brain connectivity},
    author   = {Weis, Susanne and Patil, Kaustubh R and Hoffstaedter, Felix and
                Nostro, Alessandra and Yeo, B T Thomas and Eickhoff, Simon B},
    journal  = {Cereb. Cortex},
    volume   = 30,
    number   = 2,
    pages    = {824--835},
    year     = 2020,
    language = {en}
}

@article{Smith2013-gg,
    title    = {Functional connectomics from resting-state {fMRI}},
    author   = {Smith, Stephen M and Vidaurre, Diego and Beckmann, Christian F
                and Glasser, Matthew F and Jenkinson, Mark and Miller, Karla L
                and Nichols, Thomas E and Robinson, Emma C and Salimi-Khorshidi,
                Gholamreza and Woolrich, Mark W and Barch, Deanna M and U{\u
                g}urbil, Kamil and Van Essen, David C},
    journal  = {Trends Cogn. Sci.},
    volume   = 17,
    number   = 12,
    pages    = {666--682},
    year     = 2013,
    language = {en}
}

@article{Smith2011-ki,
    title    = {Network modelling methods for {FMRI}},
    author   = {Smith, Stephen M and Miller, Karla L and Salimi-Khorshidi,
                Gholamreza and Webster, Matthew and Beckmann, Christian F and
                Nichols, Thomas E and Ramsey, Joseph D and Woolrich, Mark W},
    journal  = {Neuroimage},
    volume   = 54,
    number   = 2,
    pages    = {875--891},
    year     = 2011,
    language = {en}
}

@article{Menon2019-ef,
    title    = {A comparison of static and dynamic functional connectivities for
                identifying subjects and biological sex using intrinsic
                individual brain connectivity},
    author   = {Menon, Sreevalsan S and Krishnamurthy, K},
    journal  = {Sci. Rep.},
    volume   = 9,
    number   = 1,
    pages    = {5729},
    year     = 2019,
    language = {en}
}

@article{Sen2021-ws,
    title    = {Predicting biological gender and intelligence from {fMRI} via
                dynamic functional connectivity},
    author   = {Sen, Bhaskar and Parhi, Keshab K},
    journal  = {IEEE Trans. Biomed. Eng.},
    volume   = 68,
    number   = 3,
    pages    = {815--825},
    year     = 2021,
    language = {en}
}

@article{Fan2020-ql,
    title    = {A deep network model on dynamic functional connectivity with
                applications to gender classification and intelligence prediction},
    author   = {Fan, Liangwei and Su, Jianpo and Qin, Jian and Hu, Dewen and
                Shen, Hui},
    journal  = {Front. Neurosci.},
    volume   = 14,
    pages    = {881},
    year     = 2020,
    language = {en}
}

@article{Leming2021-on,
    title    = {Deep learning for sex classification in resting-state and task
                functional brain networks from the {UK} Biobank},
    author   = {Leming, Matthew and Suckling, John},
    journal  = {Neuroimage},
    volume   = 241,
    number   = 118409,
    pages    = {118409},
    year     = 2021,
    language = {en}
}

@article{Gong2009-gu,
    title    = {Age- and gender-related differences in the cortical anatomical
                network},
    author   = {Gong, Gaolang and Rosa-Neto, Pedro and Carbonell, Felix and Chen,
                Zhang J and He, Yong and Evans, Alan C},
    journal  = {J. Neurosci.},
    volume   = 29,
    number   = 50,
    pages    = {15684--15693},
    year     = 2009,
    language = {en}
}

@article{Sendi2023-nu,
    title    = {The link between static and dynamic brain functional network
                connectivity and genetic risk of Alzheimer's disease},
    author   = {Sendi, Mohammad S E and Zendehrouh, Elaheh and Ellis, Charles A
                and Fu, Zening and Chen, Jiayu and Miller, Robyn L and Mormino,
                Elizabeth C and Salat, David H and Calhoun, Vince D},
    journal  = {NeuroImage Clin.},
    volume   = 37,
    number   = 103363,
    pages    = {103363},
    year     = 2023,
    language = {en}
}

@unpublished{Al_Zoubi2020-ij,
    title   = {Predicting sex from resting-state {fMRI} across multiple
               independent acquired datasets},
    author  = {Al Zoubi, Obada and Misaki, Masaya and Tsuchiyagaito, Aki and
               Zotev, Vadim and White, Evan and Paulus, Martin and Bodurka, Jerzy
               and {Tulsa 1000 Investigators}},
    journal = {bioRxiv},
    year    = 2020
}

@article{Ebel2023-pu,
    title    = {Classifying sex with volume-matched brain {MRI}},
    author   = {Ebel, Matthis and Domin, Martin and Neumann, Nicola and Schmidt,
                Carsten Oliver and Lotze, Martin and Stanke, Mario},
    journal  = {Neuroimage Rep.},
    volume   = 3,
    number   = 3,
    pages    = {100181},
    year     = 2023,
    language = {en}
}

@incollection{Dibaji2023-bn,
    title     = {Studying the effects of sex-related differences on brain age
                 prediction using brain {MR} imaging},
    booktitle = {Clinical {Image-Based} Procedures, Fairness of {AI} in Medical
                 Imaging, and Ethical and Philosophical Issues in Medical Imaging},
    author    = {Dibaji, Mahsa and Gianchandani, Neha and Nair, Akhil and
                 Singhal, Mansi and Souza, Roberto and Bento, Mariana},
    publisher = {Springer Nature Switzerland},
    pages     = {205--214},
    year      = 2023,
    address   = {Cham}
}

@article{Yan2019-yc,
    title    = {Discriminating schizophrenia using recurrent neural network
                applied on time courses of multi-site {FMRI} data},
    author   = {Yan, Weizheng and Calhoun, Vince and Song, Ming and Cui, Yue and
                Yan, Hao and Liu, Shengfeng and Fan, Lingzhong and Zuo, Nianming
                and Yang, Zhengyi and Xu, Kaibin and Yan, Jun and Lv, Luxian and
                Chen, Jun and Chen, Yunchun and Guo, Hua and Li, Peng and Lu, Lin
                and Wan, Ping and Wang, Huaning and Wang, Huiling and Yang,
                Yongfeng and Zhang, Hongxing and Zhang, Dai and Jiang, Tianzi and
                Sui, Jing},
    journal  = {EBioMedicine},
    volume   = 47,
    pages    = {543--552},
    year     = 2019,
    language = {en}
}

@article{Glasser2013-ha,
    title    = {The minimal preprocessing pipelines for the Human Connectome
                Project},
    author   = {Glasser, Matthew F and Sotiropoulos, Stamatios N and Wilson, J
                Anthony and Coalson, Timothy S and Fischl, Bruce and Andersson,
                Jesper L and Xu, Junqian and Jbabdi, Saad and Webster, Matthew
                and Polimeni, Jonathan R and Van Essen, David C and Jenkinson,
                Mark and {WU-Minn HCP Consortium}},
    journal  = {Neuroimage},
    volume   = 80,
    pages    = {105--124},
    year     = 2013,
    language = {en}
}

@article{Van_Essen2012-gc,
    title    = {The Human Connectome Project: a data acquisition perspective},
    author   = {Van Essen, D C and Ugurbil, K and Auerbach, E and Barch, D and
                Behrens, T E J and Bucholz, R and Chang, A and Chen, L and
                Corbetta, M and Curtiss, S W and Della Penna, S and Feinberg, D
                and Glasser, M F and Harel, N and Heath, A C and Larson-Prior, L
                and Marcus, D and Michalareas, G and Moeller, S and Oostenveld, R
                and Petersen, S E and Prior, F and Schlaggar, B L and Smith, S M
                and Snyder, A Z and Xu, J and Yacoub, E and {WU-Minn HCP
                Consortium}},
    journal  = {Neuroimage},
    volume   = 62,
    number   = 4,
    pages    = {2222--2231},
    year     = 2012,
    language = {en}
}

@article{Hughes1968-ga,
    title   = {On the mean accuracy of statistical pattern recognizers},
    author  = {Hughes, G},
    journal = {IEEE Trans. Inf. Theory},
    volume  = 14,
    number  = 1,
    pages   = {55--63},
    year    = 1968
}

@article{Cortes1995-dg,
    title    = {Support-vector networks},
    author   = {Cortes, Corinna and Vapnik, Vladimir},
    journal  = {Mach. Learn.},
    volume   = 20,
    number   = 3,
    pages    = {273--297},
    year     = 1995,
    language = {en}
}

@incollection{Vapnik1997-yy,
    title     = {The support vector method},
    booktitle = {Lecture Notes in Computer Science},
    author    = {Vapnik, Vladimir N},
    publisher = {Springer Berlin Heidelberg},
    pages     = {261--271},
    year      = 1997,
    address   = {Berlin, Heidelberg}
}

@article{Beckmann2004-jg,
    title    = {Probabilistic independent component analysis for functional
                magnetic resonance imaging},
    author   = {Beckmann, Christian F and Smith, Stephen M},
    journal  = {IEEE Trans. Med. Imaging},
    volume   = 23,
    number   = 2,
    pages    = {137--152},
    year     = 2004,
    language = {en}
}

@article{Filippini2009-so,
    title   = {Distinct patterns of brain activity in young carriers of the
               {APOE-e4} allele},
    author  = {Filippini, N and Macintosh, B J and Hough, M G and Goodwin, G M
               and Frisoni, G B and Smith, S M and Matthews, P M and Beckmann, C
               F and Mackay, C E},
    journal = {Proc Natl Acad Sci},
    volume  = 106,
    pages   = {7209--7214},
    year    = 2009
}

@article{Allen2014-tl,
    title    = {Tracking whole-brain connectivity dynamics in the resting state},
    author   = {Allen, Elena A and Damaraju, Eswar and Plis, Sergey M and
                Erhardt, Erik B and Eichele, Tom and Calhoun, Vince D},
    journal  = {Cereb. Cortex},
    volume   = 24,
    number   = 3,
    pages    = {663--676},
    year     = 2014,
    language = {en}
}

@article{Achour2021-rl,
    title   = {Existence, stability and scalability of orthogonal convolutional
               neural networks},
    author  = {Achour, El Mehdi and Malgouyres, Fran{\c c}ois and Mamalet, Franck},
    journal = {arXiv [math.ST]},
    year    = 2021
}

@article{Leiber2023-de,
    title  = {Differentiable short-time Fourier transform with respect to the hop
              length},
    author = {Leiber, Maxime and Marnissi, Yosra and Barrau, Axel and Badaoui,
              Mohammed El},
    year   = 2023,
    eprint = {2308.02421}
}

@article{Mantini2007-sv,
    title    = {Electrophysiological signatures of resting state networks in the
                human brain},
    author   = {Mantini, D and Perrucci, M G and Del Gratta, C and Romani, G L
                and Corbetta, M},
    journal  = {Proc. Natl. Acad. Sci. U. S. A.},
    volume   = 104,
    number   = 32,
    pages    = {13170--13175},
    year     = 2007,
    language = {en}
}

@article{Medda2016-vh,
    title    = {Wavelet-based clustering of resting state {MRI} data in the rat},
    author   = {Medda, Alessio and Hoffmann, Lukas and Magnuson, Matthew and
                Thompson, Garth and Pan, Wen-Ju and Keilholz, Shella},
    journal  = {Magn. Reson. Imaging},
    volume   = 34,
    number   = 1,
    pages    = {35--43},
    year     = 2016,
    language = {en}
}

@article{Guo2022-dk,
    title   = {A review of wavelet analysis and its applications: Challenges and
               opportunities},
    author  = {Guo, Tiantian and Zhang, Tongpo and Lim, Enggee and Lopez-Benitez,
               Miguel and Ma, Fei and Yu, Limin},
    journal = {IEEE Access},
    volume  = 10,
    pages   = {58869--58903},
    year    = 2022
}

@article{Rasero2018-hi,
    title    = {Predicting functional networks from region connectivity profiles
                in task-based versus resting-state {fMRI} data},
    author   = {Rasero, Javier and Aerts, Hannelore and Ontivero Ortega, Marlis
                and Cortes, Jesus M and Stramaglia, Sebastiano and Marinazzo,
                Daniele},
    journal  = {PLoS One},
    volume   = 13,
    number   = 11,
    pages    = {e0207385},
    year     = 2018,
    language = {en}
}
